    @BOOK{Pravidla,
      author =       "Zdeněk Hlavsa and others",
      title =        "Pravidla českého pravopisu",
      publisher =    "Academia",
      edition =      "2",
      year =         "2009",
      isbn =         "80-200-1327-X",
    }

    @BOOK{Kolo,
      author =       "Anna Kolesárová and Monika Kováčová",
      title =        "Fuzzy množiny a ich aplikácie",
      publisher =    "Slovenská technická univerzita v Bratislave vo Vydavateľstve STU",
      edition =      "1",
      year =         "2004",
      isbn =         "80-227-2036-4"
}

    @webpage{navara,
      author =       "Mirko Navara",
      title =        "Fuzzy množiny",
      howpublished = "online",
      publisher =    "FELK CVUT v~Praze",
      year =         "2022",
      month =        10,
      url =          "https://cmp.felk.cvut.cz/~navara/fl/fset_print.pdf",
      cited =        "2023-09-09"
    }

    @article{hlinena,
        author = {Smutná, DANA},
        year = {2001},
        edition = "1",
        month = {04},
        pages = {239-248},
        title = {Limit t-Norms as a Basis for the Construction of New t-Norms.},
        volume = {9},
        journal = {International Journal of Uncertainty, Fuzziness and Knowledge-Based Systems},
        doi = {10.1016/S0218-4885(01)00077-6}
        }

    @article{mitav,
        author = {Dana Hliněná and Veronika Jirmusová},
        year = {2024},
        title = {A note on fuzzy implications based on $\varphi$ -transformations of t-norms.},
        journal = {In Matematika, informatika a aplikované vědy (MITAV 2024). Brno: Univerzita obrany},
        }

    @BOOK{Springer,
      author =       "Michal Baczynski and Balasubramaniam Jayram",
      title =        "Fuzzy Implications",
      publisher =    "Springer-Verlag Berlin Heidelberg",
      year =         "2008",
      edition =      "1",
      isbn =         "978-3-540-69080-1",
    }


    @article{yager,
        author = {Yager, Ronald},
        year = {2004},
        month = {12},
        pages = {193-216},
        edition = {1},
        title = {On some new classes of implication operators and their role in approximate reasoning},
        volume = {167},
        journal = {Inf. Sci.},
        doi = {10.1016/j.ins.2003.04.001}
    }


    @BOOK{KMP,
      author =       "Erich Peter Klement, Radko Mesiar, Endre Pap",
      title =        "Triangular Norms",
      publisher =    "Springer Dordrecht",
      edition =      "1",
      year =         "2000",
      isbn =         "978-0-7923-6416-0",
    }

    @article{smutna,
      title={On many valued conjunctions and implications},
      author={Smutn{\'a}, D},
      journal={Journal of Electrical Engineering},
      volume={50},
      pages={8--10},
      year={1999},
      edition={1}
    }

    @phdthesis{habilitace,
      Type = {habilitační práce},
      Title = {Fuzzy množiny a ich aplikácie},
      Author = {D. Hliněná},
      Year = {2012},
    } 